@online{misgit1,
	author="Óscar Salvador",
	title ="Prácticas en empresa 1",
	url ="https://github.com/oscarsalvador/NEB-practica-empresa-1",
	year="2023",
    month="1"
}
@online{misgit2,
	author="Óscar Salvador",
	title ="Prácticas en empresa 2",
	url ="https://github.com/oscarsalvador/NEB-practica-empresa-2",
	year="2023",
    month="1"
}
@online{dockergls,
    author="Docker",
	title="Glossary",
	url="https://docs.docker.com/glossary/",
	year="2023",
	month="3"
}
@online{ibmdocker,
	author="IBM",
	title={{What is Docker?}},
	url={https://www.ibm.com/topics/docker},
	addendum="(accessed: 2023-03-19)"
}
@online{awsdocker,
	author="AWS",
	title={{What is Docker?}},
	url={https://aws.amazon.com/docker/},
	addendum="(accessed: 2023-03-19)"
}
@online{dockerbikram,
    author="Bikram",
	title="Docker Namespace Vs Cgroup",
	url="https://bikramat.medium.com/namespace-vs-cgroup-60c832c6b8c8",
	year="2022",
	month="10"
}
@online{dockernscgroups,
    author={Scott van Kalken},
	title="What Are Namespaces and cgroups, and How Do They Work?",
	url="https://www.nginx.com/blog/what-are-namespaces-cgroups-how-do-they-work/",
	year="2021",
	month="7"
}
@online{linuxnamespaces,
	title = {{namespaces(7) - Linux manual page}},
	url = {https://man7.org/linux/man-pages/man7/namespaces.7.html}
}
@online{linuxcgroups,
	title = {{cgroups(7) — Linux manual page}},
	url = {https://man7.org/linux/man-pages/man7/cgroups.7.html}
}
@online{dockerengine,
	month = {3},
	title="Docker Engine overview",
	year = {2023},
	url = {https://docs.docker.com/engine/},
}
@online{kubernetesmarko,
    author="Marko Lukso",
	title="Chapter 11. Understanding Kubernetes internals · Kubernetes in Action",
	url="https://livebook.manning.com/book/kubernetes-in-action/chapter-11/34"
}
@online{historycontainers,
    author="Rani Osnat",
	title="A Brief History of Containers: From the 1970s Till Now",
	url="https://blog.aquasec.com/a-brief-history-of-containers-from-1970s-chroot-to-docker-2016",
    year="2020",
    month="1",
    day="10"
}
@online{docker09,
    author="Solomon Hykes",
	title="Docker Desktop 0.9: Introducing Execution Drivers and libcontainer",
	url="https://www.docker.com/blog/docker-0-9-introducing-execution-drivers-and-libcontainer",
    year="2014",
    month="4",
    day="10"
}
@online{aboutoci,
    author={{Open Container Initiative}},
	title="About the Open Container Initiative - Open Container Initiative",
	url="https://opencontainers.org/about/overview/",
}
@online{rktarchived,
	title="GitHub - rkt/rkt",
	url="https://github.com/rkt/rkt",
    year="2020"
}
@online{rktarchived,
	title="GitHub - rkt/rkt",
	url="https://github.com/rkt/rkt",
    year="2020"
}
@online{journeyfromcontainerization,
	author="Ivan Velichko",
	year="2019",
    month="08",
    day="18",
	title="Journey From Containerization To Orchestration And Beyond",
	url="https://iximiuz.com/en/posts/journey-from-containerization-to-orchestration-and-beyond/",
}
@online{cncfdocker,
    author="CNCF",
    year="2017",
    title="SDxCentral: Docker donates containerd to Cloud Native Computing Foundation",
    url="https://www.cncf.io/news/2017/03/16/sdxcentral-docker-donates-containerd-cloud-native-computing-foundation/"
}
@online{k8soverview,
	title={{Kubernetes - Overview}},
	url="https://kubernetes.io/docs/concepts/overview/",
}
@online{k8spod,
	title={{Kubernetes - Pods}},
	url="https://kubernetes.io/docs/concepts/workloads/pods/",
}
@online{k8sns,
	title={{Kubernetes - Namespaces}},
	url="https://kubernetes.io/docs/concepts/overview/working-with-objects/namespaces/",
}
@online{k8sstaticpod,
	title={{Kubernetes - Create static Pods}},
	url="https://kubernetes.io/docs/tasks/configure-pod-container/static-pod/",
}
@online{k8scomponents,
	title={{Kubernetes - Components}},
	url="https://kubernetes.io/docs/concepts/overview/components/",
}
@online{k8scri,
	title="How containerd compares to runc",
    author="Darshan Chaudhary",
    year="2018",
    month="8",
    day="11",
	url="https://stackoverflow.com/a/51802719",
}
@online{gitlabchart,
    title={examples · master · GitLab.org / charts / GitLab Chart · GitLab},
    year="2020",
    month="8",
    day="11",
    url="https://gitlab.com/gitlab-org/charts/gitlab/-/tree/master/examples"
}
@online{gitlabpatusers,
	title={{Users API | GitLab}},
	url="https://docs.gitlab.com/ee/api/users.html#create-a-personal-access-token",
    addendum="(v15.9)"
}
@online{gitlabpat,
	title={{Personal access tokens API | GitLab}},
	url="https://docs.gitlab.com/ee/api/personal_access_tokens.html",
    addendum="(v15.9)"
}
@online{sonarqubeinstall,
	title={{Install the server | Sonarqube}},
	url="https://docs.sonarqube.org/9.8/setup-and-upgrade/install-the-server/",
    addendum="(v9.8)"
}
@online{gitlabprovider,
	title={{GitLab provider | Terraform}},
	url="https://registry.terraform.io/providers/gitlabhq/gitlab/latest/docs",
    addendum="(v15.11)"
}
@online{seppanen,
	title="Managing self-hosted GitLab with Terraform",
	author="Samuli Seppänen",
	year="2021",
	month="5",
	url="https://www.puppeteers.net/blog/managing-self-hosted-gitlab-with-terraform/"
}
@online{downloadsecurefiles,
	title = {download-secure-files · GitLab},
	url = {https://gitlab.com/gitlab-org/incubation-engineering/mobile-devops/download-secure-files},
}
@online{securefilesapi,
	title = {Project-level Secure Files API | GitLab},
	url = {https://docs.gitlab.com/15.9/ee/api/secure_files.html},
    addendum="(v15.9)"
}
@online{easyrsadocs,
	month="10",
    day="09",
    year="2017",
	title={easy-rsa/README.quickstart.md at master · OpenVPN/easy-rsa},
	url="https://github.com/OpenVPN/easy-rsa/blob/master/README.quickstart.md",
}
@online{badawy,
	author="Muhammad Badawy",
    month="03",
    day="28",
    year="2023",
    title="Apply Mutual TLS Over a Kubernetes Nginx Ingress Controller",
	url="https://earthly.dev/blog/mutual-tls-kubernetes-nginx-ingress-controller/",
}
@online{awsowasp,
	date = {2021-01-21},
	title = {Building end-to-end AWS DevSecOps CI/CD pipeline with open source SCA, SAST and DAST tools | Amazon Web Services},
	url = {https://aws.amazon.com/blogs/devops/building-end-to-end-aws-devsecops-ci-cd-pipeline-with-open-source-sca-sast-and-dast-tools/},
}
@online{updateaci,
	author="{Microsoft} and tomvcassidy and huypub and amjadaljuniadi and Nickomang and v-kents and DCtheGeek and dlpow and mmacy and Karishma-Tiwari-MSFT",
	title={{Update containers in Azure Container Instances}},
	url="https://learn.microsoft.com/en-us/azure/container-instances/container-instances-update#update-a-container-group",
	year="2022",
	month="06"
}
@online{aciaz,
	title={{az container | Microsoft docs}},
	url="https://learn.microsoft.com/en-us/cli/azure/container?view=azure-cli-latest#az-container-restart"
}